<?xml version = "1.0" encoding = "UTF-8"?><OAI-PMH xmlns="http://www.openarchives.org/OAI/2.0/" xmlns:xsi="http://www.w3.org/2001/XMLSchema-instance" xsi:schemaLocation="http://www.openarchives.org/OAI/2.0/ http://www.openarchives.org/OAI/2.0/OAI-PMH.xsd"><ListRecords><record><header><identifier>aleph-publish:018245212</identifier></header><metadata><record xmlns="http://www.ddb.de/professionell/mabxml/mabxml-1.xsd"><leader>00401pM2.01200024------h</leader><controlfield tag="LDR">00401pM2.01200024------h</controlfield><controlfield tag="FMT">MH</controlfield><datafield tag="001" ind1="-" ind2="1"><subfield code="a">HT016545462</subfield></datafield><datafield tag="002" ind1="a" ind2="1"><subfield code="a">20101012</subfield></datafield><datafield tag="003" ind1="-" ind2="1"><subfield code="a">20180412</subfield></datafield><datafield tag="025" ind1="o" ind2="1"><subfield code="a">1074614065</subfield></datafield><datafield tag="025" ind1="a" ind2="1"><subfield code="a">1006368744</subfield></datafield><datafield tag="026" ind1="-" ind2="1"><subfield code="a">DNB1006368744</subfield></datafield><controlfield tag="030">a|1dr||z|||17</controlfield><datafield tag="036" ind1="a" ind2="1"><subfield code="a">XA-DE-NW</subfield></datafield><datafield tag="037" ind1="b" ind2="1"><subfield code="a">ger</subfield></datafield><controlfield tag="050">a|a|||||||||||</controlfield><controlfield tag="051">m|||z|||</controlfield><datafield tag="060" ind1="-" ind2="1"><subfield code="b">txt</subfield><subfield code="a">Text</subfield></datafield><datafield tag="061" ind1="-" ind2="1"><subfield code="b">n</subfield><subfield code="a">ohne Hilfsmittel zu benutzen</subfield></datafield><datafield tag="062" ind1="-" ind2="1"><subfield code="b">nc</subfield><subfield code="a">Band</subfield></datafield><datafield tag="064" ind1="a" ind2="1"><subfield code="a">Verzeichnis</subfield><subfield code="9">(DE-588)4188171-0</subfield></datafield><datafield tag="070" ind1="-" ind2="1"><subfield code="a">6</subfield></datafield><datafield tag="070" ind1="a" ind2="1"><subfield code="a">DNB</subfield></datafield><datafield tag="070" ind1="b" ind2="1"><subfield code="a">6</subfield></datafield><datafield tag="078" ind1="n" ind2="1"><subfield code="a">NWBib-6</subfield></datafield><datafield tag="080" ind1="-" ind2="1"><subfield code="a">60</subfield></datafield><datafield tag="100" ind1="-" ind2="1"><subfield code="p">Schäper, Karl</subfield></datafield><datafield tag="104" ind1="a" ind2="1"><subfield code="p">Zimmer, Heinz</subfield></datafield><datafield tag="331" ind1="-" ind2="1"><subfield code="a">Verzeichnis der Gebäude und ihrer Eigentümer auf dem Gebiet der Altgemeinde Nordkirchen</subfield></datafield><datafield tag="335" ind1="-" ind2="1"><subfield code="a">1805, 1900, 1955 und 2000</subfield></datafield><datafield tag="359" ind1="-" ind2="1"><subfield code="a">Herausgeber: Heimatverein der Gemeinde Nordkirchen e.V., Arbeitskreis &quot;Heimat- und Familienforschung&quot;. Ausarbeitung: Karl Schäper, Heinz Zimmer</subfield></datafield><datafield tag="419" ind1="-" ind2="1"><subfield code="a">Nordkirchen</subfield><subfield code="b">Heimatverein der Gemeinde Nordkirchen e.V.</subfield><subfield code="c">[Oktober 2006]</subfield></datafield><datafield tag="425" ind1="a" ind2="1"><subfield code="a">2006</subfield></datafield><datafield tag="433" ind1="-" ind2="1"><subfield code="a">45 Seiten</subfield></datafield><datafield tag="434" ind1="-" ind2="1"><subfield code="a">Karten</subfield></datafield><datafield tag="700" ind1="n" ind2="1"><subfield code="a">Nordkirchen</subfield><subfield code="0">https://nwbib.de/spatial#Q14923</subfield></datafield><datafield tag="700" ind1="n" ind2="1"><subfield code="a">Wohnhäuser</subfield><subfield code="0">https://nwbib.de/subjects#N843060</subfield></datafield><datafield tag="700" ind1="n" ind2="1"><subfield code="a">Einwohnerverzeichnisse</subfield><subfield code="0">https://nwbib.de/subjects#N503050</subfield></datafield><datafield tag="902" ind1="-" ind2="1"><subfield code="g">Nordkirchen</subfield><subfield code="9">(DE-588)4042552-6</subfield></datafield><datafield tag="902" ind1="-" ind2="1"><subfield code="s">Gebäude</subfield><subfield code="9">(DE-588)4156127-2</subfield></datafield><datafield tag="902" ind1="-" ind2="1"><subfield code="s">Eigentümer</subfield><subfield code="9">(DE-588)4151183-9</subfield></datafield><datafield tag="902" ind1="-" ind2="1"><subfield code="z">Geschichte 1805-2000</subfield></datafield><datafield tag="903" ind1="-" ind2="1"><subfield code="a">2314</subfield><subfield code="a">3214</subfield></datafield><controlfield tag="SYS">018245212</controlfield><datafield tag="952" ind1="-" ind2="1"><subfield code="s">Haus</subfield><subfield code="h">im weiteren Sinn</subfield></datafield><datafield tag="088" ind1=" " ind2=" "><subfield code="a">6</subfield><subfield code="c">2K 14435</subfield><subfield code="e">keine Angabe</subfield></datafield></record></metadata></record></ListRecords></OAI-PMH>